&&example bib item
@online{robo4you,
  year = {2019},
  title = {robo4you Website},
  url = {https://robo4you.at},
}

@online{ros-site,
  year = {2023},
  title = {ROS Website},
  url = {https://www.ros.at},
}

@online{wombat-controller,
  year = {2023},
  title = {Wombat Controller},
  url = {https://botball-swag.myshopify.com/collections/robot-controller/products/wombat-controller-w-battery},
  keywords = "wombat",
}

@online{ipc-begriff,
  year = {2018},
  title = {Inter Process Communication},
  url = {https://www.ibm.com/support/pages/interprocess-communication-ipc-overview},
}

@online{what-is-kanban,
  year = {2022},
  title = {What is Kanban},
  url = {https://learn.microsoft.com/en-us/devops/plan/what-is-kanban}
}

@online{what-is-scrum,
  year = {},
  title = {What is Scrum},
  url = {https://www.atlassian.com/agile/scrum}
}

@online{cycle-time-lead-time,
  year = {2021},
  title = {Cycle time and Lead time},
  url = {https://community.atlassian.com/t5/Agile-articles/Lead-time-and-Cycle-Time-and-the-importance-of-Flow-in-Kanban/ba-p/1886848}
}
